% Encoding: ISO-8859-1

% Un exemple de lien internet: Si l'auteur n'est pas clairement identifié, mettre le nom global du site (Wikipédia, Larousse, etc.)
% De même pour la date, on peut mettre la date de consultation de l'article
@Misc{WikiMercure,
  author =       {Wikipédia},
  title =        {Précession du Périhélie},
  howpublished = {Wikipédia},
  month =        {Novembre},
  year =         {2016},
  note = {\url{          https://fr.wikipedia.org/wiki/Mercure_(plan%C3%A8te)#Pr.C3.A9cession_du_p.C3.A9rih.C3.A9lie}}
}

@Misc{Interstices,
  author={Florent Masseglia},
  title={Person of Interest : la surveillance des donn{\'e}es individuelles pour anticiper les crimes},
  howpublished = {Interstices},
  month ={Novembre},
  year={2013}
  note = {\url {https://interstices.info/person-of-interest-la-surveillance-des-donnees-individuelles-pour-anticiper-les-crimes/}}
}

@Misc{Vitres,
  author={Thomas Messias},
  title={La th{\'e}orie de la vitre bris{\'e}e, ou comment les maths pr{\'e}viennent le crime},
  howpublished = {Slate},
  month ={Juillet},
  year={2020}
  note = {\url {http://www.slate.fr/societe/crimes-et-mathematiques/episode-3-theorie-vitre-brisee-prevention-crime-los-angeles-mathematiques-modelisation}}
}

@Article{Lemonde,
  author =    {Guillaud Hubert},
  title =     {Police pr{\'e}dictive : la pr{\'e}diction des banalit{\'e}s},
  journal =   {Le Monde},
  month ={Juin},
  year ={2015},
  publisher = {Wiley Online Library}
  note = {\url {https://www.lemonde.fr/blog/internetactu/2015/06/27/police-predictive-la-prediction-des-banalites/}}
}

@Article{Predic,
  author =  {Gerber, Paul},
  title =   {Des crimes et des s{\'e}ismes, La police pr{\'e}dictive entre science, technique et divination},
  journal = {R{\'E}SEAUX},
  month ={Juin},
  year =    {2017},
  volume =  {206},
  pages =   {95-123},
  note = {\url{     https://www.cairn.info/revue-reseaux-2017-6-page-95.htm}}
}

@Article{Berto,
  author =    {Thierry Goudon},
  title =     {GENDARMES, VOLEURS ET… MATH{\'E}MATICIENS !},
  journal =   {Breves de Maths},
  month ={Septembre},
  year ={2013},
  publisher = {Wiley Online Library}
  note = {\url {http://www.breves-de-maths.fr/gendarmes-voleurs-et-mathematiciens/}}
}


@Misc{Youtube,
  author =       {Numberphile},
  title =        {The Mathematics of Crime and Terrorism - Numberphile},
  howpublished = {Vidéo Youtube},
  month =        {Février},
  year =         {2016},
  note = {\url         {https://www.youtube.com/watch?v=lCjspXB5F4A}}
}

@Misc{Risque,
  author =       {Yannick Bessy-Roland, Alice Launay},
  title =        {Mod{\'e}lisation du risque terroriste par les processus de Hawkes},
  journal =   {EURIA},
  year =         {2018},
  note = {\url         {https://www.youtube.com/watch?v=lCjspXB5F4A}}
}

@Misc{Hawkes,
  author =       {Loubna Ben Allal},
  title =        {Processus de Hawkes : Mod{\'e}lisation, Simulation et Inf{\'e}rence},
  journal =   {HAL INRIA},
  month =        {Septembre},
  year =         {2020},
  note = {\url         {https://hal.inria.fr/hal-02947341}}
}





